
@book{Adamek1994,
  title={Locally presentable and accessible categories},
  author={Ad{\'a}mek, Ji{\v{r}}{\'\i} and Rosicky, Ji{\v{r}}{\'\i}},
  volume={189},
  year={1994},
  publisher={Cambridge University Press}
}

@book{Riehl2017,
  title={Category theory in context},
  author={Riehl, Emily},
  year={2017},
  publisher={Courier Dover Publications}
}


@book{Heunen2019,
  title={Categories for Quantum Theory: an introduction},
  author={Heunen, Chris and Vicary, Jamie},
  year={2019},
  publisher={Oxford University Press}
}

@misc{Dolan,
  author = "Dolan, James",
  howpublished = "personal communication"
}


@article{Durov2007,
  title={{New approach to Arakelov geometry}},
  author={Durov, Nikolai},
  journal={arXiv preprint arXiv:0704.2030},
  year={2007}
}


