
@article{Brandenburg2014,
  title={Tensor categorical foundations of algebraic geometry},
  author={Brandenburg, Martin},
  journal={arXiv preprint arXiv:1410.1716},
  year={2014}
}

@book{Fulton2013,
  title={Representation theory: a first course},
  author={Fulton, William and Harris, Joe},
  volume={129},
  year={2013},
  publisher={Springer Science \& Business Media}
}

@book{Adamek1994,
  title={Locally presentable and accessible categories},
  author={Ad{\'a}mek, Ji{\v{r}}{\'\i} and Rosicky, Ji{\v{r}}{\'\i}},
  volume={189},
  year={1994},
  publisher={Cambridge University Press}
}

@book{Riehl2017,
  title={Category theory in context},
  author={Riehl, Emily},
  year={2017},
  publisher={Courier Dover Publications}
}


@book{Heunen2019,
  title={Categories for Quantum Theory: an introduction},
  author={Heunen, Chris and Vicary, Jamie},
  year={2019},
  publisher={Oxford University Press}
}

@misc{Dolan,
  author = "Dolan, James",
  howpublished = "personal communication"
}


@article{Durov2007,
  title={{New approach to Arakelov geometry}},
  author={Durov, Nikolai},
  journal={arXiv preprint arXiv:0704.2030},
  year={2007}
}


@book{Goodman2009,
  title={Symmetry, representations, and invariants},
  author={Goodman, Roe and Wallach, Nolan R},
  volume={255},
  year={2009},
  publisher={Springer}
}

@article{Kraft2000,
  title={Classical invariant theory, a primer},
  author={Kraft, Hanspeter and Procesi, Claudio},
  journal={Lecture Notes, Version},
  year={2000}
}

@book{Mukai2003,
  title={An introduction to invariants and moduli},
  author={Mukai, Shigeru and Shigeru, Mukai},
  volume={81},
  year={2003},
  publisher={Cambridge University Press}
}


@book{Procesi2007,
  title={Lie  groups.  An  approach  through  invariants  and  representations},
  author={Procesi, Claudio},
  year={2007},
  publisher={Springer}
}

@book{Bump2004,
  title={{Lie Groups}},
  author={Bump, Daniel},
  volume={225},
  year={2004},
  edition={2nd},
  series={Graduate Texts in Mathematics},
  publisher={Springer}
}


@book{Miller2004,
  title={Combinatorial commutative algebra},
  author={Miller, Ezra and Sturmfels, Bernd},
  volume={227},
  year={2004},
  publisher={Springer Science \& Business Media}
}


@article{Joyal1995,
  title={{The Category of Representations of the General Linear Groups over a Finite Field}},
  author={Joyal, Andr{\'e} and Street, Ross},
  journal={Journal of Algebra},
  volume={176},
  number={3},
  pages={908--946},
  year={1995},
  publisher={Elsevier}
}




