
@book{Dress1971,
  title={Notes on the theory of representations of finite groups, Part I: The Burnside ring of a finite group and some AGN-applications},
  author={Dress, Andreas},
  year={1971},
}

@book{Bredon2006,
  title={Equivariant cohomology theories},
  author={Bredon, Glen E},
  volume={34},
  year={2006},
  publisher={Springer}
}



